<record><leader>01985nam a2200517 i 4500</leader><controlfield tag="001">6675416</controlfield><controlfield tag="003">CaONFJC</controlfield><controlfield tag="005">20140909033449.0</controlfield><controlfield tag="006">m        d        </controlfield><controlfield tag="007">cr||n|||||||||</controlfield><controlfield tag="008">140411s2015    nyua    ob    001 0 eng d</controlfield><datafield ind1=" " ind2=" " tag="020"><subfield code="a">9780415838726 (hardback)</subfield></datafield><datafield ind1=" " ind2=" " tag="020"><subfield code="a">041583872X (hardback)</subfield></datafield><datafield ind1=" " ind2=" " tag="020"><subfield code="a">9780415838733 (pbk.)</subfield></datafield><datafield ind1=" " ind2=" " tag="020"><subfield code="a">0415838738 (pbk.)</subfield></datafield><datafield ind1=" " ind2=" " tag="020"><subfield code="a">9780203772287 (ebk)</subfield></datafield><datafield ind1=" " ind2=" " tag="020"><subfield code="a">9781135038557 (EBSCO)</subfield></datafield><datafield ind1=" " ind2=" " tag="037"><subfield code="a">835216</subfield><subfield code="b">EBSCO</subfield></datafield><datafield ind1=" " ind2=" " tag="039"><subfield code="a">exclude</subfield></datafield><datafield ind1=" " ind2=" " tag="040"><subfield code="a">CaONFJC</subfield><subfield code="c">CaONFJC</subfield><subfield code="e">rda</subfield><subfield code="d">AEU</subfield></datafield><datafield ind1="0" ind2="4" tag="050"><subfield code="a">RC454</subfield><subfield code="b">.S68 2015eb</subfield></datafield><datafield ind1=" " ind2="4" tag="060"><subfield code="a">WM 140</subfield></datafield><datafield ind1="0" ind2="4" tag="082"><subfield code="a">616.89</subfield><subfield code="2">23</subfield></datafield><datafield ind1=" " ind2=" " tag="084"><subfield code="a">PSY022000</subfield><subfield code="a">PSY028000</subfield><subfield code="2">bisacsh</subfield></datafield><datafield ind1=" " ind2=" " tag="090"><subfield code="a">Internet Access</subfield><subfield code="b">AEU</subfield></datafield><datafield ind1="0" ind2="0" tag="245"><subfield code="a">Psychopathology and psychotherapy</subfield><subfield code="h">[electronic resource] :</subfield><subfield code="b">DSM-5 diagnosis, case conceptualization, and treatment /</subfield><subfield code="c">edited by Len Sperry [and three others].</subfield></datafield><datafield ind1=" " ind2=" " tag="250"><subfield code="a">Third edition.</subfield></datafield><datafield ind1=" " ind2="1" tag="264"><subfield code="a">New York, NY :</subfield><subfield code="b">Routledge,</subfield><subfield code="c">2015.</subfield></datafield><datafield ind1=" " ind2=" " tag="300"><subfield code="a">1 online resource (xviii, 362 pages)</subfield></datafield><datafield ind1=" " ind2=" " tag="336"><subfield code="a">text</subfield><subfield code="b">txt</subfield><subfield code="2">rdacontent</subfield></datafield><datafield ind1=" " ind2=" " tag="337"><subfield code="a">computer</subfield><subfield code="b">c</subfield><subfield code="2">rdamedia</subfield></datafield><datafield ind1=" " ind2=" " tag="338"><subfield code="a">online resource</subfield><subfield code="b">cr</subfield><subfield code="2">rdacarrier</subfield></datafield><datafield ind1=" " ind2=" " tag="504"><subfield code="a">Includes bibliographical references and index.</subfield></datafield><datafield ind1=" " ind2=" " tag="506"><subfield code="a">Access restricted to authorized users and institutions.</subfield></datafield><datafield ind1=" " ind2=" " tag="588"><subfield code="a">Description based on print version record.</subfield></datafield><datafield ind1=" " ind2=" " tag="596"><subfield code="a">44</subfield></datafield><datafield ind1="1" ind2="0" tag="600"><subfield code="a">Adler, Alfred,</subfield><subfield code="d">1870-1937.</subfield></datafield><datafield ind1="0" ind2="0" tag="630"><subfield code="a">Diagnostic and statistical manual of mental disorders.</subfield></datafield><datafield ind1=" " ind2="0" tag="650"><subfield code="a">Psychology, Pathological.</subfield></datafield><datafield ind1=" " ind2="0" tag="650"><subfield code="a">Psychotherapy.</subfield></datafield><datafield ind1=" " ind2="0" tag="650"><subfield code="a">Psychiatry</subfield><subfield code="x">Differential therapeutics.</subfield></datafield><datafield ind1=" " ind2="2" tag="650"><subfield code="a">Mental Disorders</subfield><subfield code="x">diagnosis.</subfield></datafield><datafield ind1="1" ind2=" " tag="700"><subfield code="a">Sperry, Len,</subfield><subfield code="e">editor.</subfield></datafield><datafield ind1="4" ind2="0" tag="856"><subfield code="3">University of Alberta Access</subfield><subfield code="u">http://search.ebscohost.com/login.aspx?direct=true&amp;scope=site&amp;db=nlebk&amp;db=nlabk&amp;AN=835216</subfield><subfield code="z">(Single User Access)</subfield></datafield><datafield ind1=" " ind2=" " tag="949"><subfield code="w">ORDER</subfield><subfield code="h">UAIN</subfield><subfield code="z">PDACOUTTS</subfield></datafield><datafield ind1=" " ind2=" " tag="926"><subfield code="a">Internet Access</subfield><subfield code="w">LC</subfield><subfield code="c">1</subfield><subfield code="i">6675416-1001</subfield><subfield code="l">INTERNET</subfield><subfield code="m">UAINTERNET</subfield><subfield code="r">Y</subfield><subfield code="s">Y</subfield><subfield code="t">E-RESOURCE</subfield><subfield code="u">9/11/2014</subfield><subfield code="x">E-BOOK</subfield><subfield code="z">PDAOWNED</subfield></datafield></record>